|0000|001|0|||EMPRESA MATRIZ PARA TESTES|00000000000191||53||5300108|||A|1|
|0001|0|
|0005|EMPRESA PARA TESTES|70000000|LOGRADOURO EMPRESA|1|COMPLEMENTO|BAIRRO|6130000000|6130000000|testes@empresateste.com|
|0100|TESTE PESSOA FISICA|11111111111|666999|11111111111|00000000|||||||pf@gmail.com|0000000|
|0150|C1|TESTE PESSOA FISICA|01058|11111111111|11111111111||5300108||LOGRADOURO PESSOA FISICA|2|COMPLEMENTO|BAIRRO|
|0990|6|
|C001|0|
|C990|2|
|D001|0|
|D990|2|
|E001|0|
|E990|2|
|G001|0|
|G990|2|
|H001|0|
|H990|2|
|1001|0|
|1990|2|
|9001|0|
|9900|0000|1|
|9900|0001|1|
|9900|0005|1|
|9900|0100|1|
|9900|0150|1|
|9900|0990|1|
|9900|C001|1|
|9900|C990|1|
|9900|D001|1|
|9900|D990|1|
|9900|E001|1|
|9900|E100|0|
|9900|E110|0|
|9900|E990|1|
|9900|G001|1|
|9900|G990|1|
|9900|H001|1|
|9900|H990|1|
|9900|1001|1|
|9900|1990|1|
|9900|9001|1|
|9900|9900|24|
|9900|9990|1|
|9900|9999|1|
|9990|27|
|9999|45|
